@book{Illich,
  author    = {Ivan Illich},
  year      = {1973},
  title     = {Tools for Conviviality},
  publisher = {Harper \& Row}
}

@book{Foucault,
  author    = {Michel Foucault},
  year      = {1975},
  title     = {Surveiller et punir: Naissance de la prison},
  publisher = {Gallimard}
}

@book{Deleuze,
  author    = {Gilles Deleuze},
  year      = {1986},
  title     = {Foucault},
  publisher = {Les {\'E}ditions de Minuit}
}

@online{email,
  author  = {{Business Insider}},
  year    = {2024},
  title   = {Emails between Sam Altman and Elon Musk that kicked off OpenAI},
  url     = {https://www.businessinsider.com/emails-between-sam-altman-elon-musk-kicked-off-openai-2024-11},
  urldate = {2025-08-24},
  note    = {Consult{\'e} en ao{\^u}t 2025}
}

@book{wenger,
  author    = {Etienne Wenger},
  year      = {1998},
  title     = {Communities of Practice: Learning, Meaning, and Identity},
  publisher = {Cambridge University Press},
  doi       = {10.1017/CBO9780511803932}
}

@inproceedings{Sentance2017WiPSCE,
  author    = {Sue Sentance and Jane Waite},
  year      = {2017},
  title     = {PRIMM: Exploring pedagogical approaches for teaching text-based programming in school},
  booktitle = {Proceedings of the 12th Workshop on Primary and Secondary Computing Education (WiPSCE '17)},
  pages     = {113--114},
  publisher = {ACM},
  doi       = {10.1145/3137065.3137084}
}

@article{Sentance2019CSE,
  author  = {Sue Sentance and Jane Waite and Maria Kallia},
  year    = {2019},
  title   = {Teaching computer programming with PRIMM: A sociocultural perspective},
  journal = {Computer Science Education},
  volume  = {29},
  number  = {2-3},
  pages   = {136--176},
  doi     = {10.1080/08993408.2019.1608781}
}

@article{Fuller2007,
  author  = {Ursula Fuller and others},
  year    = {2007},
  title   = {Developing a computer science-specific learning taxonomy},
  journal = {ACM SIGCSE Bulletin},
  volume  = {39},
  number  = {4},
  pages   = {152--170},
  doi     = {10.1145/1345375.1345438}
}

@book{AndersonKrathwohl2001,
  editor    = {Lorin W. Anderson and David R. Krathwohl},
  year      = {2001},
  title     = {A Taxonomy for Learning, Teaching, and Assessing: A Revision of Bloom's Taxonomy of Educational Objectives},
  publisher = {Longman}
}

@article{HattieTimperley2007,
  author  = {John Hattie and Helen Timperley},
  year    = {2007},
  title   = {The power of feedback},
  journal = {Review of Educational Research},
  volume  = {77},
  number  = {1},
  pages   = {81--112},
  doi     = {10.3102/003465430298487}
}

@article{Shute2008,
  author  = {Valerie J. Shute},
  year    = {2008},
  title   = {Focus on formative feedback},
  journal = {Review of Educational Research},
  volume  = {78},
  number  = {1},
  pages   = {153--189},
  doi     = {10.3102/0034654307313795}
}

@online{didask,
  author  = {Didask},
  year    = {2025},
  title   = {Qu'est-ce qu'un outil auteur ? -- Le guide complet},
  url     = {https://www.didask.com},
  urldate = {2025-08-05}
}

@online{codemirror6,
  author  = {Marijn Haverbeke},
  year    = {2021},
  title   = {CodeMirror 6 Documentation},
  url     = {https://codemirror.net/6/},
  urldate = {2025-08-24}
}

@online{skulpt,
  title   = {Skulpt},
  year    = {2024},
  url     = {https://skulpt.org/},
  urldate = {2025-08-24}
}

@online{brython,
  title   = {Brython},
  year    = {2024},
  url     = {https://brython.info/},
  urldate = {2025-08-24}
}

@online{python-ast,
  author  = {{Python Software Foundation}},
  year    = {2023},
  title   = {ast --- Abstract Syntax Trees},
  url     = {https://docs.python.org/3/library/ast.html},
  urldate = {2025-08-24}
}

@online{python-dis,
  author  = {{Python Software Foundation}},
  year    = {2023},
  title   = {dis --- Disassembler for Python bytecode},
  url     = {https://docs.python.org/3/library/dis.html},
  urldate = {2025-08-24}
}

@online{greentreesnakes,
  author  = {Thomas Kluyver},
  year    = {2012},
  title   = {Green Tree Snakes: Getting to and from ASTs},
  url     = {https://greentreesnakes.readthedocs.io},
  urldate = {2025-08-24}
}

@online{fuzzingbook,
  author  = {Andreas Zeller and others},
  year    = {2022},
  title   = {The Fuzzing Book},
  url     = {https://www.fuzzingbook.org},
  urldate = {2025-08-24}
}

@online{rahulgopinath,
  author  = {Rahul Gopinath},
  year    = {2024},
  title   = {Personal GitHub page},
  url     = {https://github.com/rahulgopinath/rahulgopinath.github.io},
  urldate = {2025-08-24}
}

@online{FqKSJ,
  title   = {Flowchart for-each loop (Stack Overflow discussion)},
  year    = {2013},
  url     = {https://stackoverflow.com/questions/20580028/flowchart-for-each-loop-loop-without-variable-increment},
  urldate = {2025-08-24}
}

@online{pyodide,
  author  = {{Pyodide Development Team}},
  year    = {2023},
  title   = {Pyodide Documentation},
  url     = {https://pyodide.org},
  urldate = {2025-08-24}
}

@article{messer2023,
  author  = {Michael Messer and Neil C. C. Brown and Michael K{\"o}lling and Mingyu Shi},
  year    = {2023},
  title   = {Automated Grading and Feedback Tools for Programming Education: A Systematic Review},
  journal = {arXiv preprint},
  eprint  = {2306.11722},
  url     = {https://arxiv.org/abs/2306.11722}
}

@article{zimmermann2024,
  author  = {Allison E. Zimmermann and Erin E. King and Deepa D. Bose},
  year    = {2024},
  title   = {Effectiveness and Utility of Flowcharts on Learning in a Classroom Setting: A Mixed-Methods Study},
  journal = {American Journal of Pharmaceutical Education},
  volume  = {88},
  number  = {1},
  pages   = {100591},
  doi     = {10.5688/ajpe100591}
}

@inproceedings{CrewsZielger98,
  author    = {T. Crews and U. Ziegler},
  year      = {1998},
  title     = {The flowchart interpreter for introductory programming courses},
  booktitle = {Frontiers in Education Conference (FIE '98)},
  pages     = {307--312},
  publisher = {IEEE},
  doi       = {10.1109/FIE.1998.736854}
}

@article{Qian_Lehman_2017,
  author  = {Yizhou Qian and James D. Lehman},
  year    = {2017},
  title   = {Studentsâ€™ Misconceptions and Other Difficulties in Introductory Programming: A Literature Review},
  journal = {ACM Transactions on Computing Education},
  volume  = {18},
  number  = {1},
  pages   = {1--24},
  doi     = {10.1145/3077618}
}

@inproceedings{ACES,
  author    = {Monica Parker and Luis Garcia and Yiyang Kao},
  year      = {2022},
  title     = {A Pair of ACES: An Analysis of Isomorphic Questions on an Elementary Computing Assessment},
  booktitle = {Proceedings of the 2022 ACM Conference},
  publisher = {ACM},
  doi       = {10.1145/3501385.3543979}
}